@article{einstein,
    author =       "Albert Einstein",
    title =        "{Zur Elektrodynamik bewegter K{\"o}rper}. ({German})
        [{On} the electrodynamics of moving bodies]",
    journal =      "Annalen der Physik",
    volume =       "322",
    number =       "10",
    pages =        "891--921",
    year =         "1905",
    DOI =          "http://dx.doi.org/10.1002/andp.19053221004"
}
 
@book{latexcompanion,
    author    = "Michel Goossens and Frank Mittelbach and Alexander Samarin",
    title     = "The \LaTeX\ Companion",
    year      = "1993",
    publisher = "Addison-Wesley",
    address   = "Reading, Massachusetts"
}


@book{Rojas,
    author    = "Rojas Soriano, R. ",
    title     = "Guía para realizar investigaciones sociales, 26a. edición",
    year      = "2001",
    publisher = "Plaza Valdez",
    address   = "México"
}
 
 
 
 

@book{Erica,
    author    = "Lara Muñoz, E. M. ",
    title     = "Fundamentos de investigación: Un enfoque por competencias, 2da. edición",
    year      = "2013",
    publisher = "Alfaomega",
    address   = "México"
}



@book{Korte,
    author    = "Korte, B. and Vygen, J.",
    title     = "Combinatorial optimization Theory and Algorithms, Fourth Edition",
    year      = "2008",
    publisher = "Springer Heidelberg Dordrecht. ",
    address   = "London New York"
}


@book{russel,
    author       = "Russell, S. J. \& Norvig, P", 
    title        = "Artificial Intelligence: A Modern Approach", 
    year         = "2003",
    publisher    = "Prentice Hall, 2a edição. ISBN 0-13-790395-2",
    address      = "Trujillo"
} 
 
  
@misc{knuthwebsite,
    author    = "Donald Knuth",
    title     = "Knuth: Computers and Typesetting",
    url       = "http://www-cs-faculty.stanford.edu/\~{}uno/abcde.html"
}

 
@book{Goossens,
author="Michel Goossens and Frank Mittelbach and Alexander Samarin",
title="The \LaTeX Companion",
editor="Addison-Wesley",
year="1993"
}

@book{Lamport,
author="Leslie Lamport",
title="\LaTeX",
editor="Addison-Wesley",
year="1996"
} 
 
 
@book{MMA,
author="MMA",
title="Plano Nacional de Resíduos Sólidos (PNRS)",
year="2011",
publisher="Ministério do Meio Ambiente"
} 
 
 
 
@book{Ghiani,
    author       = "Ghiani, G. and Laporte, G. and Musmanno, R.", 
    title        = "Introduction to logistics systems planning and control", 
    year         = "2004",
    publisher    = "Jhon Wiley \& Sons"
} 


@article{Ombuki,
    author       = "Ombuki, B. and Ross, Brian J. and Hanshar, F.",
    title        = "Multi-Objetive Genetic Algorithms for Vehicle Routing Problem with Time Windows", 
    journal =      "Applied Intelligence, Springer Science.",
    volume =       "322",
    number =       "12",
    pages =        "91--99",
    year =         "2006",
}

@article{Yeun,
    author       = "Yeun, L.C. and Ismail, W.R. and Omar, K. and Zirour, M. ",
    title        = "Vehicle Routing Problem: Models and solutions", 
    journal =      "Journal of Quality measurement and analysis.",
    volume =       "22",
    number =       "13",
    pages =        "111--120",
    year =         "2008",
}


@book{Sterle,
    author    = "Sterle, C.",
    title        = "Location-Routing models and methods for freight distribution and infomobility in city logistics", 
    year      = "2010",
    publisher = "Thèse de doctorat. Centre interuniversitaire de recherché sur les réseaux d' entreprise, la logistique et le transport.",
    address   = "CIRRELT"
}


@book{Santos,
    author= "Santos, E. M.",
    title = "Contribuição à Gestão da Distribuição de Cargas em Áreas Urbanas sob a Òtica do Conceito City Logistics", 
    year      = "2008",
    publisher = "Dissertação de mestrado",
    address   = "Universidade de Brasília"
}


@article{Tanguay,
    author       = "Tanguay, G.A. and Rajaonson, J. and Lefevre, J. and Lanoie, P. ",
    title        = "Measuring the sustainability of cities: An analysis of the use of local indicators.", 
    journal =      "Ecological Indiators, Elsevier.",
    volume =       "26",
    number =       "22",
    pages =        "100--115",
    year =         "2010",
}


@article{Dekker,
    author       = "Dekker, R. and Inderfurth, K. and van Wassenhove, L. and Fleischmann, M. ",
    title        = "Quantitative Approaches for reverse logistics.", 
    journal =      "Springer-Verlag, Berlin. Forthcoming.",
    volume =       "24",
    number =       "22",
    pages =        "40--60",
    year =         "2003",
 }
    
 
 @article{Bugliarello,
    author       = "Bugliarello, G. ",
    title        = "Urban sustainability: Dilemmas, challenges and paradigms.", 
    journal =      "Technology in society, Elsevier.",
    volume =       "28",
    number =       "22",
    pages =        "19--26",
    year =         "2006",
 } 
 
 
 
  @article{Carlos,
    author       = "Bugliarello, G. ",
    title        = "Urban sustainability: Dilemmas, challenges and paradigms.", 
    journal =      "Technology in society, Elsevier.",
    volume =       "28",
    number =       "22",
    pages =        "19--26",
    year =         "2006",
 } 
 
  @article{Piere,
    author       = "Bugliarello, G. ",
    title        = "Urban sustainability: Dilemmas, challenges and paradigms.", 
    journal =      "Technology in society, Elsevier.",
    volume =       "28",
    number =       "22",
    pages =        "19--26",
    year =         "2006",
 }
 
 	@article{Ekman,
    author       = "Ekman, P.",
    title        = "Universal Facial Expression of Emotions", 
    journal =      "California Mental Health Research Digest",
    volume =       "8",
    number =       "4",
    pages =        "151-158",
    year =         "1970",
	}
	
	
	@book{Enrique,
    author= "Alegre, Enrique and Pajares, Gonzalo and De la escalera, Arturo ",
    title = "Conceptos y Metodos en Vision por computador", 
    year      = "2016",
    publisher = "RA-MA S.A. Editorial y Publicaciones",
	}
	
	@article{Rafael,
    author       = "Valvert, Jorge R. ",
    title        = "Métodos y Técnicas de Reconocimiento de Rostros en Imágenes Digitales Bidimensionales", 
    pages =        "3",
    year =         "2006",
	}
			
		
	@book{Santos,
    author= "Santos, E. M.",
    title = "Face Analysis Techniques for Human-Computer Interaction", 
    year      = "2007",
    publisher = "Dissertations in Interactive Technology",
    address   = "University of Tampere"
	}
	
	@book{PAJARES,
    author= "Pajares, Martin and De La Cruz, Gonzálo and  M. ,Jesús",
    title = "Vsión por computador: Imágenes digitales y aplicaciones", 
    year      = "2001",
    publisher = "RA-MA S.A. Editorial y Publicaciones",
	}
	
	@book{Matlab,
	author = {Alegre, Enrique and Sánchez, Lidia and Fernandez-Diaz, Ramón and Carlos Mostaza, Juan},
	year = {2003},
	month = {01},
	pages = {0-0},
	title = {Procesamiento Digital de Imágenes. Fundamentos y Practicas con Matlab (Digital image 				processing. Fundamentals and practices with Matlab)},	
	journal = {Libro}
	}		
	
	@article{ZEYUN,
    author       = "ZEYUN, Yu and CHANDRAJIT, Bajaj",
    title        = "A fast adaptive method for image contrast enhancement", 
    year =         "2001"
	}
	
	@article{Gonzalez,
    author       = "Gonzalez and Woods",
    title        = "Procesamiento Digital de Imágenes", 
    journal =  	   "Prentice Hall",	
    year =         "2002"
	}	
	
	@article{Fernando,
    author       = "Merchán, Fernando and Galeano, Sebastián,  and Poveda, Héctor",
    title        = "Mejoras en el Entrenamiento de Esquemas de Detección de Sonrisas Basados en características de apariencia", 
    year =         "2014"
	}	
	
	@article{Lopez,
    author       = "Lopez Rincon, Omar",
    title        = "Reconocimiento de gestos en tiempo real basado en heurísticas y reconocimiento de patrones", 	
    year =         "2015"
	}

	@article{EDUARDO,
    author       = "Aguilar Torres, Eduardo",
    title        = "Clasificación demográfica por medio del análisis de atributos faciales sobre imágenes en entornos sin restricciones", 	
    year =         "2013"
	}	
		
		
	@article{WILLIAM,
    author       = "CASTRILLON, WILLIAM A. and ALVAREZ, DAMIAN A. and LÓPEZ, ANDRÉS F.",
    title        = "Técnicas de extraccion de características en imágenes para el reconocimiento de expresiones faciales", 	
    year =         "2008"
	}
		
	@article{DAMIAN,
    author       = "Alvarez, Damian A. and  Guevara, Marta L. ",
    title        = "Reconocimiento de expresiones faciales prototipo usando ICA", 	
    year =         "2009"
	}
	
	@article{Yang,
    author       = "Bo Yang and Songcan Chen",
    title        = "A comparative study on local binary pattern (LBP) based face recognition", 	
    volume =       "I",
    number =       "120",
    pages =        "365–379",
    year =         "2013"
	}
		
	@article{ADAMS,
    author       = "Adams, Martin and  Alegría, Héctor A.",
    title        = "Reconocimiento frontal de rostros en base a imágenes de alta resolución", 	
    year =         "2015"
	}
	
	@article{AGUILAR,
    author       = "Aguilar Torres, Eduardo",
    title        = "Clasificación demográfica por medio del análisis de atributos faciales sobre imágenes en entornos sin restricciones", 	
    year =         "2013"
	}
	
	@article{Isaac,
    author       = "Martín de Diego, Isaac and Serrano, Ángel and Conde, Cristina  and Cabello, Enrique ",
    title        = "Tecnicas de reconocimiento automático de emociones", 
    volume =       "7",
    number =       "2",	
    year =         "2006"
	}
	
		
	@article{Bartual,
    author       = "Bartual González, Raquel ",
    title 		 = "Detección facial y reconocimiento anímico mediante expresiones faciales",
    journal =      "California Mental Health Research Digest",
    pages =        "13",
    year =         "2017"
	}
	
		
	
 	
 	    
 
 
 
 
 